<record><leader>00000cas a2200000 a 4500</leader><controlfield tag="001">34091303</controlfield><controlfield tag="008">960126c19899999cauwr ne      0    0eng c</controlfield><datafield ind1=" " ind2=" " tag="010"><subfield code="a">sn 95062038 </subfield></datafield><datafield ind1=" " ind2=" " tag="040"><subfield code="a">CNK</subfield><subfield code="b">eng</subfield><subfield code="c">CNK</subfield><subfield code="d">OCLCQ</subfield><subfield code="d">CNK</subfield><subfield code="d">OCLCQ</subfield><subfield code="d">OCLCF</subfield><subfield code="d">OCLCO</subfield></datafield><datafield ind1="1" ind2=" " tag="029"><subfield code="a">AU@</subfield><subfield code="b">000025870058</subfield></datafield><datafield ind1=" " ind2=" " tag="042"><subfield code="a">pcc</subfield></datafield><datafield ind1=" " ind2=" " tag="043"><subfield code="a">n-us-ca</subfield></datafield><datafield ind1="0" ind2=" " tag="130"><subfield code="a">Northside news (Oildale, Calif. : 1989)</subfield></datafield><datafield ind1="1" ind2="4" tag="245"><subfield code="a">The northside news.</subfield></datafield><datafield ind1="1" ind2="3" tag="246"><subfield code="a">Northside news/Oildale</subfield></datafield><datafield ind1="1" ind2="7" tag="246"><subfield code="a">Northside/Oildale news</subfield></datafield><datafield ind1=" " ind2=" " tag="260"><subfield code="a">Oildale, Ca. :</subfield><subfield code="b">Barton A. Buhtz</subfield></datafield><datafield ind1=" " ind2=" " tag="300"><subfield code="a">v.</subfield></datafield><datafield ind1=" " ind2=" " tag="310"><subfield code="a">Weekly</subfield></datafield><datafield ind1="0" ind2=" " tag="362"><subfield code="a">Vol. 44, no. 40 (Sept. 7, 1989)-</subfield></datafield><datafield ind1=" " ind2=" " tag="500"><subfield code="a">"The Northside news-the Oildale news" appears above title, Dec. 9, 1992-&lt;1994&gt;.</subfield></datafield><datafield ind1=" " ind2=" " tag="500"><subfield code="a">Published in Bakersfield, Calif., Sept. 13, 1990-</subfield></datafield><datafield ind1=" " ind2=" " tag="500"><subfield code="a">"Northwest community news ed." appears on masthead for some issues, 1990-1991.</subfield></datafield><datafield ind1=" " ind2=" " tag="530"><subfield code="a">Master negatives are available for duplication from:</subfield><subfield code="b">California Newspaper Microfilm Archive;</subfield><subfield code="c">positive copies may be purchased by the reel; for further information consult the CNMA at:</subfield><subfield code="u">http://cbsr.ucr.edu</subfield></datafield><datafield ind1=" " ind2="0" tag="651"><subfield code="a">Kern County (Calif.)</subfield><subfield code="v">Newspapers.</subfield></datafield><datafield ind1=" " ind2="0" tag="651"><subfield code="a">Oildale (Calif.)</subfield><subfield code="v">Newspapers.</subfield></datafield><datafield ind1=" " ind2="7" tag="655"><subfield code="a">Newspapers.</subfield><subfield code="2">fast</subfield><subfield code="0">(OCoLC)fst01423814</subfield></datafield><datafield ind1=" " ind2="7" tag="651"><subfield code="a">California</subfield><subfield code="z">Kern County.</subfield><subfield code="2">fast</subfield><subfield code="0">(OCoLC)fst01204038</subfield></datafield><datafield ind1=" " ind2="7" tag="651"><subfield code="a">California</subfield><subfield code="z">Oildale.</subfield><subfield code="2">fast</subfield><subfield code="0">(OCoLC)fst01225391</subfield></datafield><datafield ind1=" " ind2=" " tag="752"><subfield code="a">United States</subfield><subfield code="b">California</subfield><subfield code="c">Kern</subfield><subfield code="d">Bakersfield.</subfield></datafield><datafield ind1=" " ind2=" " tag="752"><subfield code="a">United States</subfield><subfield code="b">California</subfield><subfield code="c">Kern</subfield><subfield code="d">Oildale.</subfield></datafield><datafield ind1="0" ind2="0" tag="780"><subfield code="t">Northside news Oildale news</subfield><subfield code="w">(DLC)sn 95062037</subfield></datafield></record>